<record><leader>00000cas a2200000 a 4500</leader><controlfield tag="001">2385383</controlfield><controlfield tag="008">760820u1946uuuuiluer ne      0   b0lit c</controlfield><datafield ind1=" " ind2=" " tag="010"><subfield code="a">sn 82001528 </subfield></datafield><datafield ind1=" " ind2=" " tag="040"><subfield code="a">KSU</subfield><subfield code="b">eng</subfield><subfield code="c">KSU</subfield><subfield code="d">NSD</subfield><subfield code="d">CRL</subfield><subfield code="d">CVF</subfield><subfield code="d">OCLCQ</subfield><subfield code="d">WAU</subfield><subfield code="d">OCLCQ</subfield><subfield code="d">OCLCF</subfield><subfield code="d">NVF</subfield><subfield code="d">OCLCO</subfield><subfield code="d">OCL</subfield></datafield><datafield ind1=" " ind2=" " tag="012"><subfield code="m">1</subfield></datafield><datafield ind1="0" ind2=" " tag="022"><subfield code="a">0744-2408</subfield><subfield code="l">0744-2408</subfield><subfield code="2">1</subfield></datafield><datafield ind1=" " ind2=" " tag="032"><subfield code="a">301580</subfield><subfield code="b">USPS</subfield></datafield><datafield ind1=" " ind2=" " tag="042"><subfield code="a">nsdp</subfield><subfield code="a">pcc</subfield></datafield><datafield ind1=" " ind2=" " tag="043"><subfield code="a">n-us---</subfield></datafield><datafield ind1=" " ind2="0" tag="222"><subfield code="a">Laisvoji lietuva</subfield></datafield><datafield ind1="0" ind2="0" tag="245"><subfield code="a">Laisvoji Lietuva.</subfield></datafield><datafield ind1="1" ind2="1" tag="246"><subfield code="a">Free Lithuania</subfield></datafield><datafield ind1=" " ind2=" " tag="260"><subfield code="a">Memmingen, Germany :</subfield><subfield code="b">Leidz&#780;ia Lietuvos Atgimimo sa&#808;ju&#772;dis</subfield></datafield><datafield ind1="2" ind2=" " tag="260"><subfield code="3">1950-1952</subfield><subfield code="a">Toronto :</subfield><subfield code="b">Leidz&#780;ia Lietuvos Atgimimo sa&#808;ju&#772;dis</subfield></datafield><datafield ind1="3" ind2=" " tag="260"><subfield code="3">&lt;Sept. 17, 1953-Jan. 7, 1982&gt;</subfield><subfield code="a">Chicago, Ill. :</subfield><subfield code="b">Leidz&#780;ia Lietuvos Atgimimo sa&#808;ju&#772;dis</subfield></datafield><datafield ind1=" " ind2=" " tag="300"><subfield code="a">v. :</subfield><subfield code="b">ill. ;</subfield><subfield code="c">53-43 cm.</subfield></datafield><datafield ind1=" " ind2=" " tag="310"><subfield code="a">Semimonthly,</subfield><subfield code="b">1992-</subfield></datafield><datafield ind1=" " ind2=" " tag="321"><subfield code="a">Weekly,</subfield><subfield code="b">&lt;Sept. 17, 1953&gt;-May 2, 1957</subfield></datafield><datafield ind1=" " ind2=" " tag="321"><subfield code="a">Biweekly,</subfield><subfield code="b">May 20, 1957-1991</subfield></datafield><datafield ind1=" " ind2=" " tag="500"><subfield code="a">Published in Memmingen, Germany, &lt;Sept. 1, 1946&gt;; in Toronto, 1950-1952; in Chicago, &lt;Sept. 17, 1953-Jan. 7, 1982&gt;</subfield></datafield><datafield ind1=" " ind2=" " tag="515"><subfield code="a">Issues for &lt;Sept. 17, 1953-July 29, 1965&gt; called also: &lt;159-958&gt;</subfield></datafield><datafield ind1=" " ind2=" " tag="530"><subfield code="a">Available on microfilm;</subfield><subfield code="b">Center for Research Libraries.</subfield></datafield><datafield ind1=" " ind2=" " tag="546"><subfield code="a">In Lithuanian.</subfield></datafield><datafield ind1=" " ind2=" " tag="588"><subfield code="a">Description based on: 7 m., nr. 1 (1953 m. rugs. me&#775;n. 17 d.).</subfield></datafield><datafield ind1=" " ind2=" " tag="588"><subfield code="a">Latest issue consulted: Sept. 19, 1996.</subfield></datafield><datafield ind1=" " ind2="0" tag="650"><subfield code="a">Lithuanians</subfield><subfield code="z">United States</subfield><subfield code="v">Newspapers.</subfield></datafield><datafield ind1=" " ind2="0" tag="650"><subfield code="a">Lithuanian Americans</subfield><subfield code="v">Newspapers.</subfield></datafield><datafield ind1=" " ind2="0" tag="650"><subfield code="a">Lithuanian American newspapers.</subfield></datafield><datafield ind1=" " ind2="7" tag="650"><subfield code="a">Lithuanian American newspapers</subfield><subfield code="2">fast</subfield><subfield code="0">(OCoLC)fst01000339</subfield></datafield><datafield ind1=" " ind2="7" tag="650"><subfield code="a">Lithuanian Americans.</subfield><subfield code="2">fast</subfield><subfield code="0">(OCoLC)fst01000343</subfield></datafield><datafield ind1=" " ind2="7" tag="650"><subfield code="a">Lithuanians.</subfield><subfield code="2">fast</subfield><subfield code="0">(OCoLC)fst01000435</subfield></datafield><datafield ind1=" " ind2="7" tag="651"><subfield code="a">United States.</subfield><subfield code="2">fast</subfield><subfield code="0">(OCoLC)fst01204155</subfield></datafield><datafield ind1=" " ind2="7" tag="655"><subfield code="a">Newspapers.</subfield><subfield code="2">fast</subfield><subfield code="0">(OCoLC)fst01423814</subfield></datafield><datafield ind1="2" ind2=" " tag="710"><subfield code="a">Lithuanian Regeneration Association.</subfield><subfield code="k">Newspapers.</subfield></datafield><datafield ind1=" " ind2=" " tag="752"><subfield code="a">United States</subfield><subfield code="b">Illinois</subfield><subfield code="c">Cook</subfield><subfield code="d">Chicago.</subfield></datafield><datafield ind1="1" ind2=" " tag="029"><subfield code="a">AU@</subfield><subfield code="b">000021895479</subfield></datafield><datafield ind1="1" ind2=" " tag="029"><subfield code="a">ZWZ</subfield><subfield code="b">108047784</subfield></datafield></record>